@book{NRinC,
    author={William H. Press and Saul A. Teukolsky and William T. Vetterling and Brian P. Flannery},
    title={Numerical Recipes in C},
    edition={second},
    publisher={Cambridge University Press},
    year={1992}}
@book{Eberly:01,
    author={David H. Eberly},
    title={3D Game Engine Design},
    publisher={Morgan Kaufmann},
    year={2001}}
@conference{Shoemake:85,
    author={Ken Shoemake},
    title={Animating Rotation with Quaternion Curves},
    booktitle={Proceedings of SIGGRAPH},
    organization={ACM},
    year={1985},
    volume={19},
    pages={245--254}}
@misc{MathWorld:4D,
    author={Eric W. Weisstein},
    title={Four-Dimensional Geometry},
    howpublished={From MathWorld. http://mathworld.wolfram.com/Four-DimensionalGeometry.html}}
@phdthesis{Saunders:PhD,
    author={Breton M. Saunders},
    title={Fast Animation Dynamics},
    school={University of Cambridge Computer Laboratory},
    year={2000},
    month={May}}
@techreport{Kalra:95,
    author={Devendra Kalra},
    title={A General Formulation of Rigid Body Assemblies for Computer Graphics Modeling},
    institution={HP Labs},
    year={1995},
    number={HPL-95-70},
    address={Palo Alto, CA}}
@misc{BaraffWitkin:97,
    author={David Baraff and Andrew Witkin},
    title={Physically Based Modeling: Principles and Practice},
    howpublished={SIGGRAPH 1997 Course Notes. http://www.cs.cmu.edu/~baraff/sigcourse/}}
